
% @article{Fournier1901,
% author={Fournier, Paul},
% title={Not a Real Paper},
% journal={ApJ},
% fjournal={Astrophysical Journal},
% volume=1,
% pages={101-111},
% year=1901,
% }

% @article{vanDijk1902,
% author={{\VAN{Dijk}{Van}{van}} Dijk, Thomas},
% title={An important paper},
% journal={QJRAS},
% fjournal={Quarterly Journal of the Royal Astronomial Society},
% volume=2,
% pages={202-207},
% year=1902,
% }

% @article{deLaguarde1903,
% author={{\VAN{Laguarde}{De}{de}} Laguarde, Anne},
% title={Another Unreal Paper},
% journal={Nat},
% fjournal={Nature},
% volume=3,
% pages={303-304},
% year=1903,
% }

% @article{delaGuarde1904,
% author={{\VAN{Guarde}{De la}{de la}} Guarde, Simon},
% title={A Last Unreal Paper},
% journal={MNRAS},
% fjournal={Monthly Notices of the Royal Astronomial Society},
% volume=4,
% pages={404-481},
% year=1904,
% }

@article{mcdermott1988nonradial,
  title={Nonradial oscillations of neutron stars},
  author={McDermott, Patrick Neal and Van Horn, HM and Hansen, CJ},
  journal={The Astrophysical Journal},
  volume={325},
  pages={725--748},
  year={1988}
}

@article{cowling1941non,
  title={The non-radial oscillations of polytropic stars},
  author={Cowling, Thomas G},
  journal={Monthly Notices of the Royal Astronomical Society},
  volume={101},
  pages={367},
  year={1941}
}

@article{troja2010precursors,
  title={Precursors of short gamma-ray bursts},
  author={Troja, Eleonora and Rosswog, Stephan and Gehrels, Neil},
  journal={The Astrophysical Journal},
  volume={723},
  number={2},
  pages={1711},
  year={2010},
  publisher={IOP Publishing}
}

@article{d2015short,
  title={Short gamma-ray bursts: A review},
  author={D'Avanzo, P},
  journal={Journal of High Energy Astrophysics},
  volume={7},
  pages={73--80},
  year={2015},
  publisher={Elsevier}
}

@article{abbott2017merger,
  title={Multi-messenger observations of a binary neutron star merger},
  author={Abbott, Benjamin P and Bloemen, S and Canizares, P and Falcke, H and Fender, RP and Ghosh, S and Groot, P and Hinderer, T and H{\"o}randel, JR and Jonker, PG and others},
  journal={The Astrophysical Journal Letters},
  volume={848},
  number={2},
  year={2017},
  publisher={IOP Publishing}
}

@article{abbott2020gw190425,
  title={GW190425: Observation of a Compact Binary Coalescence with Total Mass $\sim3.4$ M$_{\odot}$},
  author={Abbott, BP and Abbott, R and Abbott, TD and Abraham, S and Acernese, F and Ackley, K and Adams, C and Adhikari, RX and Adya, VB and Affeldt, C and others},
  journal={The Astrophysical Journal Letters},
  volume={892},
  number={1},
  year={2020},
  publisher={IOP Publishing}
}

@article{tsang2013shattering,
  title={Shattering flares during close encounters of neutron stars},
  author={Tsang, David},
  journal={The Astrophysical Journal},
  volume={777},
  number={2},
  pages={103},
  year={2013},
  publisher={IOP Publishing}
}

@article{tsang2012resonant,
  title={Resonant shattering of neutron star crusts},
  author={Tsang, David and Read, Jocelyn S and Hinderer, Tanja and Piro, Anthony L and Bondarescu, Ruxandra},
  journal={Physical Review Letters},
  volume={108},
  number={1},
  pages={011102},
  year={2012},
  publisher={APS}
}

@book{smeyers2011linear,
  title={Linear Isentropic Oscillations of Stars: Theoretical Foundations},
  author={Smeyers, Paul and Van Hoolst, Tim},
  volume={371},
  year={2011},
  publisher={Springer Science \& Business Media}
}

@article{zhong2019precursors,
  title={Precursors in Short Gamma-Ray Bursts as a Possible Probe of Progenitors},
  author={Zhong, Shu-Qing and Dai, Zi-Gao and Cheng, Ji-Gui and Lan, Lin and Zhang, Hai-Ming},
  journal={The Astrophysical Journal},
  volume={884},
  number={1},
  pages={25},
  year={2019},
  publisher={IOP Publishing}
}

@article{strohmayer1991shear,
  title={The shear modulus of the neutron star crust and nonradial oscillations of neutron stars},
  author={Strohmayer, T and Ogata, S and Iyetomi, H and Ichimaru, S and Van Horn, HM},
  journal={The Astrophysical Journal},
  volume={375},
  pages={679--686},
  year={1991}
}

@article{balantekin2014nuclear,
  title={Nuclear theory and science of the facility for rare isotope beams},
  author={Balantekin, AB and Carlson, J and Dean, DJ and Fuller, GM and Furnstahl, RJ and Hjorth-Jensen, M and Janssens, RVF and Li, Bao-An and Nazarewicz, W and Nunes, FM and others},
  journal={Modern Physics Letters A},
  volume={29},
  number={11},
  pages={1430010},
  year={2014},
  publisher={World Scientific}
}

@article{baym1971ground,
  title={The ground state of matter at high densities: equation of state and stellar models},
  author={Baym, Gordon and Pethick, Christopher and Sutherland, Peter},
  journal={The Astrophysical Journal},
  volume={170},
  pages={299},
  year={1971}
}

@article{kortelainen2010nuclear,
  title={Nuclear energy density optimization},
  author={Kortelainen, Markus and Lesinski, Thomas and Mor{\'e}, J and Nazarewicz, W and Sarich, J and Schunck, N and Stoitsov, MV and Wild, S},
  journal={Physical Review C},
  volume={82},
  number={2},
  pages={024313},
  year={2010},
  publisher={APS}
}

@article{chen2010density,
  title={Density slope of the nuclear symmetry energy from the neutron skin thickness of heavy nuclei},
  author={Chen, Lie-Wen and Ko, Che Ming and Li, Bao-An and Xu, Jun},
  journal={Physical Review C},
  volume={82},
  number={2},
  pages={024321},
  year={2010},
  publisher={APS}
}

@article{piekarewicz2012electric,
  title={Electric dipole polarizability and the neutron skin},
  author={Piekarewicz, Jorge and Agrawal, BK and Col{\`o}, Gianluca and Nazarewicz, Witold and Paar, Nils and Reinhard, P-G and Roca-Maza, Xavier and Vretenar, Dario},
  journal={Physical Review C},
  volume={85},
  number={4},
  pages={041302},
  year={2012},
  publisher={APS}
}

@article{trippa2008giant,
  title={Giant dipole resonance as a quantitative constraint on the symmetry energy},
  author={Trippa, Luca and Colo, Gianluca and Vigezzi, Enrico},
  journal={Physical Review C},
  volume={77},
  number={6},
  pages={061304},
  year={2008},
  publisher={APS}
}

@article{tsang2009constraints,
  title={Constraints on the density dependence of the symmetry energy},
  author={Tsang, MB and Zhang, Yingxun and Danielewicz, P and Famiano, M and Li, Zhuxia and Lynch, WG and Steiner, AW and others},
  journal={Physical review letters},
  volume={102},
  number={12},
  pages={122701},
  year={2009},
  publisher={APS}
}



@article{lattimer2013constraining,
  title={Constraining the symmetry parameters of the nuclear interaction},
  author={Lattimer, James M and Lim, Yeunhwan},
  journal={The Astrophysical Journal},
  volume={771},
  number={1},
  pages={51},
  year={2013},
  publisher={IOP Publishing}
}

@article{lai1994resonant,
  title={Resonant oscillations and tidal heating in coalescing binary neutron stars},
  author={Lai, Dong},
  journal={Monthly Notices of the Royal Astronomical Society},
  volume={270},
  number={3},
  pages={611--629},
  year={1994},
  publisher={The Royal Astronomical Society}
}

@article{reisenegger1992new,
  title={A new class of g-modes in neutron stars},
  author={Reisenegger, Andreas and Goldreich, Peter},
  journal={Astrophysical Journal},
  volume={395},
  number={1},
  pages={240--249},
  year={1992},
  publisher={American Astronomical Society}
}

@article{reisenegger1994multipole,
  title={Multipole moments of stellar oscillation modes},
  author={Reisenegger, Andreas},
  year={1994},
  journal={Astrophysical Journal},
  volume={432},
  number={1},
  pages={296--301},
  publisher={American Astronomical Society}
}

@article{blanchet2006gravitational,
  title={Gravitational radiation from post-Newtonian sources and inspiralling compact binaries},
  author={Blanchet, Luc},
  journal={Living Reviews in Relativity},
  volume={9},
  year={2006},
  publisher={Springer}
}

@article{newton2020nuclear,
  title={The nuclear symmetry energy from neutron skins and pure neutron matter in a Bayesian framework},
  author={Newton, William G and Crocombe, Gabriel},
  journal={arXiv preprint arXiv:2008.00042},
  year={2020}
}

@article{holt2018universal,
  title={Universal correlations in the nuclear symmetry energy, slope parameter, and curvature},
  author={Holt, Jeremy W and Lim, Yeunhwan},
  journal={Physics Letters B},
  volume={784},
  pages={77--81},
  year={2018},
  publisher={Elsevier}
}

@article{tsang2012constraints,
  title={Constraints on the symmetry energy and neutron skins from experiments and theory},
  author={Tsang, MB and Stone, JR and Camera, Franco and Danielewicz, Pawe{\l} and Gandolfi, Stefano and Hebeler, Kai and Horowitz, Charles J and Lee, Jenny and Lynch, William G and Kohley, Zach and others},
  journal={Physical Review C},
  volume={86},
  number={1},
  pages={015803},
  year={2012},
  publisher={APS}
}

@article{liu2010nuclear,
  title={Nuclear symmetry energy at subnormal densities from measured nuclear masses},
  author={Liu, Min and Wang, Ning and Li, Zhu-Xia and Zhang, Feng-Shou},
  journal={Physical Review C},
  volume={82},
  number={6},
  pages={064306},
  year={2010},
  publisher={APS}
}

@article{yoshida2002nonradial,
  title={Nonradial oscillations of neutron stars with a solid crust-Analysis in the relativistic Cowling approximation},
  author={Yoshida, Shijun and Lee, Umin},
  journal={Astronomy \& Astrophysics},
  volume={395},
  number={1},
  pages={201--208},
  year={2002},
  publisher={EDP Sciences}
}

@article{mcdermott1983nonradial,
  title={Nonradial g-mode oscillations of warm neutron stars},
  author={McDermott, PN and Van Horn, Hugh M and Scholl, JF},
  journal={The Astrophysical Journal},
  volume={268},
  pages={837--848},
  year={1983}
}

@article{steiner2009constraints,
  title={Constraints on neutron star crusts from oscillations in giant flares},
  author={Steiner, Andrew W and Watts, Anna L},
  journal={Physical Review Letters},
  volume={103},
  number={18},
  pages={181101},
  year={2009},
  publisher={APS}
}

@inproceedings{steiner2009neutron,
  title={The Neutron Star Crust: Symmetry Energy and Shear Moduli},
  author={Steiner, Andrew W},
  booktitle={AIP Conference Proceedings},
  volume={1128},
  number={1},
  pages={206--214},
  year={2009},
  organization={American Institute of Physics}
}

@article{eichler1989nucleosynthesis,
  title={Nucleosynthesis, neutrino bursts and $\gamma$-rays from coalescing neutron stars},
  author={Eichler, David and Livio, Mario and Piran, Tsvi and Schramm, David N},
  journal={Nature},
  volume={340},
  number={6229},
  pages={126--128},
  year={1989},
  publisher={Nature Publishing Group}
}

@article{piro2005neutron,
  title={Neutron star crustal interface waves},
  author={Piro, Anthony L and Bildsten, Lars},
  journal={The Astrophysical Journal},
  volume={619},
  number={2},
  pages={1054},
  year={2005},
  publisher={IOP Publishing}
}

@article{chabanat1998skyrme,
  title={A Skyrme parametrization from subnuclear to neutron star densities Part II. Nuclei far from stabilities},
  author={Chabanat, E and Bonche, P and Haensel, P and Meyer, J and Schaeffer, R},
  journal={Nuclear Physics A},
  volume={635},
  number={1-2},
  pages={231--256},
  year={1998},
  publisher={Elsevier}
}

@article{reinhard1995nuclear,
  title={Nuclear effective forces and isotope shifts},
  author={Reinhard, P-G and Flocard, H},
  journal={Nuclear Physics A},
  volume={584},
  number={3},
  pages={467--488},
  year={1995},
  publisher={Elsevier}
}

@article{nazarewicz1996structure,
  title={Structure of proton drip-line nuclei around doubly magic Ni 48},
  author={Nazarewicz, W and Dobaczewski, J and Werner, TR and Maruhn, JA and Reinhard, P-G and Rutz, K and Chinn, CR and Umar, AS and Strayer, MR},
  journal={Physical Review C},
  volume={53},
  number={2},
  pages={740},
  year={1996},
  publisher={APS}
}

@article{lee2010short,
  title={Short gamma-ray bursts from dynamically assembled compact binaries in globular clusters: Pathways, rates, hydrodynamics, and cosmological setting},
  author={Lee, William H and Ramirez-Ruiz, Enrico and Van de Ven, Glenn},
  journal={The Astrophysical Journal},
  volume={720},
  number={1},
  pages={953},
  year={2010},
  publisher={IOP Publishing}
}

@article{kocsis2006detection,
  title={Detection rate estimates of gravity waves emitted during parabolic encounters of stellar black holes in globular clusters},
  author={Kocsis, Bence and G{\'a}sp{\'a}r, Merse El{\H{o}}d and Marka, Szabolcs},
  journal={The Astrophysical Journal},
  volume={648},
  number={1},
  pages={411},
  year={2006},
  publisher={IOP Publishing}
}

@article{abbott2017gw170817,
  title={GW170817: observation of gravitational waves from a binary neutron star inspiral},
  author={Abbott, Benjamin P and Abbott, Rich and Abbott, TD and Acernese, Fausto and Ackley, Kendall and Adams, Carl and Adams, Thomas and Addesso, Paolo and Adhikari, RX and Adya, VB and others},
  journal={Physical Review Letters},
  volume={119},
  number={16},
  pages={161101},
  year={2017},
  publisher={APS}
}

@article{abbott2018gw170817,
  title={GW170817: Measurements of neutron star radii and equation of state},
  author={Abbott, Benjamin P and Abbott, Richard and Abbott, TD and Acernese, F and Ackley, K and Adams, C and Adams, T and Addesso, P and Adhikari, Rana X and Adya, Vaishali B and others},
  journal={Physical review letters},
  volume={121},
  number={16},
  pages={161101},
  year={2018},
  publisher={APS}
}

@article{de2018tidal,
  title={Tidal deformabilities and radii of neutron stars from the observation of GW170817},
  author={De, Soumi and Finstad, Daniel and Lattimer, James M and Brown, Duncan A and Berger, Edo and Biwer, Christopher M},
  journal={Physical review letters},
  volume={121},
  number={9},
  pages={091102},
  year={2018},
  publisher={APS}
}

@article{annala2018gravitational,
  title={Gravitational-wave constraints on the neutron-star-matter Equation of State},
  author={Annala, Eemeli and Gorda, Tyler and Kurkela, Aleksi and Vuorinen, Aleksi},
  journal={Physical review letters},
  volume={120},
  number={17},
  pages={172703},
  year={2018},
  publisher={APS}
}

@article{lim2018neutron,
  title={Neutron star tidal deformabilities constrained by nuclear theory and experiment},
  author={Lim, Yeunhwan and Holt, Jeremy W},
  journal={Physical review letters},
  volume={121},
  number={6},
  pages={062701},
  year={2018},
  publisher={APS}
}

@article{andersson2001dynamics,
  title={On the dynamics of superfluid neutron star cores},
  author={Andersson, N and Comer, GL},
  journal={Monthly Notices of the Royal Astronomical Society},
  volume={328},
  number={4},
  pages={1129--1143},
  year={2001},
  publisher={Blackwell Science Ltd Oxford, UK}
}

@article{steiner2012connecting,
  title={Connecting neutron star observations to three-body forces in neutron matter and to the nuclear symmetry energy},
  author={Steiner, AW and Gandolfi, S},
  journal={Physical review letters},
  volume={108},
  number={8},
  pages={081102},
  year={2012},
  publisher={APS}
}

